<record><leader>00000cas a22000007a 4500</leader><controlfield tag="001">23245165</controlfield><controlfield tag="008">910314d196319uucoumr ne      0    0eng d</controlfield><controlfield tag="009">9774</controlfield><datafield ind1=" " ind2=" " tag="010"><subfield code="a">sn 91052318 </subfield></datafield><datafield ind1=" " ind2=" " tag="040"><subfield code="a">CNQ</subfield><subfield code="b">eng</subfield><subfield code="c">CNQ</subfield></datafield><datafield ind1=" " ind2=" " tag="042"><subfield code="a">msc</subfield></datafield><datafield ind1="0" ind2="0" tag="245"><subfield code="a">Colorado City call.</subfield></datafield><datafield ind1=" " ind2=" " tag="260"><subfield code="a">Colorado City, Colo. :</subfield><subfield code="b">The Colorado City development Co.,</subfield></datafield><datafield ind1=" " ind2=" " tag="300"><subfield code="a">v.</subfield></datafield><datafield ind1=" " ind2=" " tag="310"><subfield code="a">Monthly</subfield></datafield><datafield ind1="0" ind2=" " tag="362"><subfield code="a">Vol. 1, no. 1 (Oct. 1963)-</subfield></datafield><datafield ind1=" " ind2=" " tag="752"><subfield code="a">United States</subfield><subfield code="b">Colorado</subfield><subfield code="c">Pueblo</subfield><subfield code="d">Colorado City.</subfield></datafield></record>